% Encoding: UTF-8

@Book{Fowler1999,
  author = {Fowler, Martin and Beck, Kent and Brant, John and Opdyke, William and Roberts, Don},
  title  = {Refactoring: Improving the Design of Existing Code},
  year   = {1999},
}

@Book{FowlerRuby,
  author = {Fowler, Martin and Beck, Kent and Fields, Jay and Harvie, Shane},
  title  = {Refactoring: Ruby Edition},
  year   = {2010},
}

@Comment{jabref-meta: databaseType:biblatex;}
